%%% Bib file.
%%% Any text not inside bibliographyc entry is a comment!
%%% javascript:alert(document.lastModified) said: 04/16/2007 
@online{RussianStemmer,
  author =  "Martin Porter",
  year =    "2007", 
  month =   apr,
  title =   "Russian stemming algorithm",
  url =     "http://snowball.tartarus.org/algorithms/russian/stemmer.html",
  lastaccessed = "November 3, 2017",
}

@book{nltk_book,
  title={Natural language processing with Python: analyzing text with the natural language toolkit},
  author={Bird, Steven and Klein, Ewan and Loper, Edward},
  year={2009},
  publisher={" O'Reilly Media, Inc."}
}